@article{PeepholeAutogen,
  Author = {Sorav Bansal and Alex Aiken},
  Title = {Automatic Generation of Peephole Superoptimizers},
  Publisher = {Computer Systems Lab, Stanford University},
}

@article{PeepholeBinary,
  Author = {Sorav Bansal and Alex Aiken},
  Title = {Binary Translations using Peephole Superoptimizers},
  Publisher = {Computer Systems Lab, Stanford University},
}

@article{Superopt,
  Author = {Hanry Massalin},
  Title = {Superoptimizer - A Look at the Smallest Program},
  Publisher = {Department of Computer Science, Columbia University},
}

@article{synthesisOs,
  Author = {Calton Pu and Henry Massalin},
  Title = {An Overview of The Synthesis Operating System},
  Publisher = {Department Of Computer Science, Columbia University},
}

@article{synthesiskernel,
  Author = {Calton Pu and Jonathan Walpole and Henry Massalin},
  Title = {A Retrospective Study of the Synthesis Kernel},
  Publisher = {Department Of Computer Science and Engineering, Oregon Graduate Institute},
}

@online{synthesistoday,
  Url = {https://blog.regehr.org/archives/1676},
}

@online{GNUSuperopt,
  Url = {https://www.gnu.org/software/superopt/},
}
