@article{synthesis92,
  title =        {Synthesis: An Efficient Implementation of Fundamental Operating System Services},
  author =       {Henry Massalin},
  year =         {1992},
  organization = {Columbia University, PhD Thesis}
}

@article{superopt87,
  title =        {Superoptimization - a look at the smallest program},
  author =       {Henry Massalin},
  organization = {ACM ASPLOS II, 1987},
  year =         {1987},
}

@online{synthesis2019,
  title =        {It's time for a Modern Synthesis Kernel},
  author =       {John Regehr},
  year =         {2019},
  url =          {https://blog.regehr.org/archives/1676},
}

@article{peephole2006,
  title =        {Automatic Generation of Peephole Superoptimizers},
  author =       {Sorav Bansal and Alex Aiken},
  year =         {2006},
  publication =  {ACM ASPLOS II, 2006}
}

@online{gnu,
  title =        {GNU Superoptimizer},
  author =       {Various Authors, Opensource Maintainer - Thien-Thi Nguyen},
  year =         {1995},
  url =          {https://blog.regehr.org/archives/1676},
}
